@book{von2018mathematical,
  title={Mathematical foundations of quantum mechanics: New edition},
  author={Von Neumann, John},
  volume={53},
  year={2018},
  publisher={Princeton university press}
}

@article{kirkpatrick1983optimization,
  title={Optimization by simulated annealing},
  author={Kirkpatrick, Scott and Gelatt Jr, C Daniel and Vecchi, Mario P},
  journal={science},
  volume={220},
  number={4598},
  pages={671--680},
  year={1983},
  publisher={American association for the advancement of science}
}

@article{storn1997differential,
  title={Differential evolution--a simple and efficient heuristic for global optimization over continuous spaces},
  author={Storn, Rainer and Price, Kenneth},
  journal={Journal of global optimization},
  volume={11},
  pages={341--359},
  year={1997},
  publisher={Springer}
}

@article{jamil2013literature,
  title={A literature survey of benchmark functions for global optimisation problems},
  author={Jamil, Momin and Yang, Xin-She},
  journal={International Journal of Mathematical Modelling and Numerical Optimisation},
  volume={4},
  number={2},
  pages={150--194},
  year={2013},
  publisher={Inderscience Publishers Ltd}
}

@article{byrd1995limited,
  title={A limited memory algorithm for bound constrained optimization},
  author={Byrd, Richard H and Lu, Peihuang and Nocedal, Jorge and Zhu, Ciyou},
  journal={SIAM Journal on scientific computing},
  volume={16},
  number={5},
  pages={1190--1208},
  year={1995},
  publisher={SIAM}
}